@article{WU1979305,
title = "Cellular graph automata. I. basic concepts, graph property measurement, closure properties",
journal = "Information and Control",
volume = "42",
number = "3",
pages = "305 - 329",
year = "1979",
note = "",
issn = "0019-9958",
doi = "http://dx.doi.org/10.1016/S0019-9958(79)90288-2",
url = "http://www.sciencedirect.com/science/article/pii/S0019995879902882",
author = "Angela Wu and Azriel Rosenfeld",

}